@article{bhattacharya2021timing,
  author    = {Bhattacharya, S. and Pennock, S. and Robertson, B. and Hanif, S. and Alam, M. J. E. and Bhatnagar, D. and Preziuso, D. and O’Neil, R.},
  title     = {Timing Value of Marine Renewable Energy Resources for Potential Grid Applications},
  journal   = {Applied Energy},
  volume    = {299},
  pages     = {117281},
  year      = {2021},
  doi       = {10.1016/j.apenergy.2021.117281}
}

@book{chatjigeorgiou2018analytical,
  author    = {Chatjigeorgiou, I. K.},
  title     = {Analytical Methods in Marine Hydrodynamics},
  year      = {2018},
  publisher = {Cambridge University Press},
  doi       = {10.1017/9781316838983},
  url       = {https://doi.org/10.1017/9781316838983}
}

@inproceedings{chau2010inertia,
  author    = {Chau, F. P. and Yeung, R. W.},
  title     = {Inertia and Damping of Heaving Compound Cylinders},
  booktitle = {Proceedings of the 25th International Workshop on Water Waves and Floating Bodies},
  address   = {Harbin, China},
  year      = {2010},
  url       = {https://www.academia.edu/73219479/Inertia_and_Damping_of_Heaving_Compound_Cylinders_Fun}
}

@inproceedings{chau2012inertia,
  author    = {Chau, F. P. and Yeung, R. W.},
  title     = {Inertia, Damping, and Wave Excitation of Heaving Coaxial Cylinders},
  booktitle = {ASME 2012 31st International Conference on Ocean, Offshore and Arctic Engineering},
  pages     = {803--813},
  publisher = {American Society of Mechanical Engineers},
  year      = {2012},
  doi       = {10.1115/OMAE2012-83987},
  url       = {https://doi.org/10.1115/OMAE2012-83987}
}

@article{fusco2010variability,
  author    = {Fusco, F. and Nolan, G. and Ringwood, J.},
  title     = {Variability Reduction through Optimal Combination of Wind/Wave Resources – An Irish Case Study},
  journal   = {Energy},
  volume    = {35},
  number    = {1},
  pages     = {314--325},
  year      = {2010},
  doi       = {10.1016/j.energy.2009.10.018}
}

@article{kokkinowrachos1986behaviour,
  author    = {Kokkinowrachos, K. and Mavrakos, S. and Asorakos, S.},
  title     = {Behaviour of Vertical Bodies of Revolution in Waves},
  journal   = {Ocean Engineering},
  volume    = {13},
  number    = {6},
  pages     = {505--538},
  year      = {1986},
  doi       = {10.1016/0029-8018(86)90037-5},
  url       = {https://doi.org/10.1016/0029-8018(86)90037-5}
}

@inproceedings{mccabe2024open,
  author    = {McCabe, R. and Khanal, K. and Haji, M.},
  title     = {Open-source Toolbox for Semi-analytical Hydrodynamic Coefficients via the Matched Eigenfunction Expansion Method},
  booktitle = {UMERC+METS 2024 Conference},
  address   = {Duluth, MN, USA},
  year      = {2024},
  doi       = {10.5281/zenodo.14504016},
  url       = {https://doi.org/10.5281/zenodo.14504016}
}

@unpublished{mccabe2024numerics,
  author    = {McCabe, R. and Khanal, K. and Bimali, Y. and Lo, E. and Treacy, C. and Haji, M.},
  title     = {Numerics of the Matched Eigenfunction Method for Computing Wave Forces on Concentric Bodies},
  note      = {In preparation},
  year      = {2024}
}

@article{son2016performance,
  author    = {Son, D. and Belissen, V. and Yeung, R. W.},
  title     = {Performance Validation and Optimization of a Dual Coaxial-cylinder Ocean-wave Energy Extractor},
  journal   = {Renewable Energy},
  volume    = {92},
  pages     = {192--201},
  year      = {2016},
  doi       = {10.1016/j.renene.2016.01.032},
  url       = {https://doi.org/10.1016/j.renene.2016.01.032}
}

@article{yeung1981added,
  author    = {Yeung, R. W.},
  title     = {Added Mass and Damping of a Vertical Cylinder in Finite-depth Waters},
  journal   = {Applied Ocean Research},
  volume    = {3},
  number    = {3},
  pages     = {119--133},
  year      = {1981},
  doi       = {10.1016/0141-1187(81)90101-2},
  url       = {https://doi.org/10.1016/0141-1187(81)90101-2}
}
